%% This BibTeX bibliography file was created using BibDesk.
%% http://bibdesk.sourceforge.net/


%% Created for Josu Ceberio Uribe at 2011-07-27 09:45:24 +0200 


%% Saved with string encoding Unicode (UTF-8) 



@inproceedings{ceberio11a,
	Author = {Josu Ceberio and Alexander Mendiburu and Jose Antonio Lozano},
	Bibsource = {DBLP, http://dblp.uni-trier.de},
	Booktitle = {GECCO},
	Crossref = {DBLP:conf/gecco/2011},
	Date-Added = {2011-07-26 09:28:48 +0200},
	Date-Modified = {2011-07-27 09:45:24 +0200},
	Ee = {http://doi.acm.org/10.1145/2001576.2001660},
	Pages = {609-616},
	Title = {A {P}reliminary {S}tudy on {EDA}s for {P}ermutation {P}roblems {B}ased on {M}arginal-based {M}odels},
	Year = {2011}}

@proceedings{DBLP:conf/gecco/2011,
	Bibsource = {DBLP, http://dblp.uni-trier.de},
	Booktitle = {GECCO},
	Date-Added = {2011-07-26 09:28:48 +0200},
	Date-Modified = {2011-07-26 09:28:48 +0200},
	Editor = {Natalio Krasnogor and Pier Luca Lanzi},
	Isbn = {978-1-4503-0557-0},
	Publisher = {ACM},
	Title = {13th Annual Genetic and Evolutionary Computation Conference, GECCO 2011, Proceedings, Dublin, Ireland, July 12-16, 2011},
	Year = {2011}}

@article{ceberio11b,
	Annote = {Accepted for publication.},
	Author = {Josu Ceberio AND Ekhine Irurozki AND Alexander Mendiburu AND Jose A. Lozano},
	Date-Added = {2011-06-28 19:49:25 +0200},
	Date-Modified = {2011-07-26 11:31:32 +0200},
	Journal = {Progress in {A}rtificial {I}ntelligence},
	Title = {A review on {E}stimation of {D}istribution {A}lgorithms in {P}ermutation-based {C}ombinatorial {O}ptimization {P}roblems},
	Year = {2011}}

@inproceedings{meila2007-conrank,
	Address = {Vancouver, British Columbia},
	Author = {Marina Meila and Kapil Phadnis and Arthur Patterson and Jeff Bilmes},
	Booktitle = {22nd Conference on Uncertainty in Artificial Intelligence (UAI07)},
	Date-Added = {2011-06-27 16:42:51 +0200},
	Date-Modified = {2011-06-27 16:42:51 +0200},
	Month = {July},
	Title = {Consensus Ranking Under the Exponential Model},
	Year = {2007}}

@inproceedings{Schumacher01theno,
	Author = {C. Schumacher and M. D. Vose and L. D. Whitley},
	Booktitle = {Proceedings of the Genetic and Evolutionary Computation Conference (GECCO-2001)},
	Date-Added = {2011-06-14 15:00:20 +0200},
	Date-Modified = {2011-06-14 15:04:05 +0200},
	Pages = {565--570},
	Publisher = {Morgan Kaufmann},
	Title = {The {N}o {F}ree {L}unch and {P}roblem {D}escription {L}ength},
	Year = {2001},
	Bdsk-File-1 = {YnBsaXN0MDDUAQIDBAUIJidUJHRvcFgkb2JqZWN0c1gkdmVyc2lvblkkYXJjaGl2ZXLRBgdUcm9vdIABqAkKFRYXGyIjVSRudWxs0wsMDQ4RFFpOUy5vYmplY3RzV05TLmtleXNWJGNsYXNzog8QgASABqISE4ACgAOAB1lhbGlhc0RhdGFccmVsYXRpdmVQYXRo0hgNGRpXTlMuZGF0YU8RAkYAAAAAAkYAAgAADE1hY2ludG9zaCBIRAAAAAAAAAAAAAAAAAAAAMl5pDhIKwAAAA18lR9UaGUgbm8gZnJlZSBsdW5jaCBhbiMyNDc0QjAucGRmAAAAAAAAAAAAAAAAAAAAAAAAAAAAAAAAAAAAAAAAAAAAJHSwyh0gxAAAAAAAAAAAAAMAAgAACSAAAAAAAAAAAAAAAAAAAAAMQmlibGlvZ3JhZmlhABAACAAAyXmWKAAAABEACAAAyh0EpAAAAAEAGAANfJUADXxoAA18VwANfFIACHyQAACX7QACAFhNYWNpbnRvc2ggSEQ6VXNlcnM6am9zdTpFSFU6RG9jdG9yYWRvOlRlc2lzOkJpYmxpb2dyYWZpYTpUaGUgbm8gZnJlZSBsdW5jaCBhbiMyNDc0QjAucGRmAA4AdAA5AFQAaABlACAAbgBvACAAZgByAGUAZQAgAGwAdQBuAGMAaAAgAGEAbgBkACAAZABlAHMAYwByAGkAcAB0AGkAbwBuACAAbABlAG4AZwB0AGgAXwBzAGMAaAB1AG0AYQBjAGgAZQByADAAMQAuAHAAZABmAA8AGgAMAE0AYQBjAGkAbgB0AG8AcwBoACAASABEABIAZVVzZXJzL2pvc3UvRUhVL0RvY3RvcmFkby9UZXNpcy9CaWJsaW9ncmFmaWEvVGhlIG5vIGZyZWUgbHVuY2ggYW5kIGRlc2NyaXB0aW9uIGxlbmd0aF9zY2h1bWFjaGVyMDEucGRmAAATAAEvAAAVAAIAC///AACABdIcHR4fWCRjbGFzc2VzWiRjbGFzc25hbWWjHyAhXU5TTXV0YWJsZURhdGFWTlNEYXRhWE5TT2JqZWN0XxBPLi4vLi4vLi4vQmlibGlvZ3JhZmlhL1RoZSBubyBmcmVlIGx1bmNoIGFuZCBkZXNjcmlwdGlvbiBsZW5ndGhfc2NodW1hY2hlcjAxLnBkZtIcHSQloiUhXE5TRGljdGlvbmFyeRIAAYagXxAPTlNLZXllZEFyY2hpdmVyAAgAEQAWAB8AKAAyADUAOgA8AEUASwBSAF0AZQBsAG8AcQBzAHYAeAB6AHwAhgCTAJgAoALqAuwC8QL6AwUDCQMXAx4DJwN5A34DgQOOA5MAAAAAAAACAQAAAAAAAAAoAAAAAAAAAAAAAAAAAAADpQ==}}

@conference{Chen05,
	Author = {S. Chen and M. Chen},
	Booktitle = {Proceedings of the Congress on Evolutionary Computation},
	Date-Added = {2011-06-13 12:27:06 +0200},
	Date-Modified = {2011-06-14 12:33:49 +0200},
	Title = {Bi-{Variate} {A}rtificial {C}hromosomes with {G}enetic {A}lgorithm for {S}ingle {M}achine {S}cheduling {P}roblems with {S}equence-{D}ependent {S}etup {T}imes},
	Year = {2011}}

@inproceedings{Qingfu04,
	Author = {Q. Zhang and J. Sun and E. Tsang and J. Ford},
	Booktitle = {Proceedings of the Bird of a Feather Workshops, Genetic and Evolutionary Computation Conference},
	Date-Added = {2011-06-12 16:10:16 +0200},
	Date-Modified = {2011-06-14 14:22:02 +0200},
	Pages = {42-48},
	Title = {Combination of {G}uided {L}ocal {S}earch and {E}stimation of {D}istribution {A}lgorithm for {S}olving {Q}uadratic {A}ssignment {P}roblem},
	Year = {2004},
	Bdsk-File-1 = {YnBsaXN0MDDUAQIDBAUIJidUJHRvcFgkb2JqZWN0c1gkdmVyc2lvblkkYXJjaGl2ZXLRBgdUcm9vdIABqAkKFRYXGyIjVSRudWxs0wsMDQ4RFFpOUy5vYmplY3RzV05TLmtleXNWJGNsYXNzog8QgASABqISE4ACgAOAB1lhbGlhc0RhdGFccmVsYXRpdmVQYXRo0hgNGRpXTlMuZGF0YU8RAwgAAAAAAwgAAgAADE1hY2ludG9zaCBIRAAAAAAAAAAAAAAAAAAAAMl5pDhIKwAAAA18lR9Db21iaW5hdGlvbiBvZiBHdWlkZSMyNDAyREMucGRmAAAAAAAAAAAAAAAAAAAAAAAAAAAAAAAAAAAAAAAAAAAAJALcyhe1iwAAAAAAAAAAAAMAAgAACSAAAAAAAAAAAAAAAAAAAAAMQmlibGlvZ3JhZmlhABAACAAAyXmWKAAAABEACAAAyheZawAAAAEAGAANfJUADXxoAA18VwANfFIACHyQAACX7QACAFhNYWNpbnRvc2ggSEQ6VXNlcnM6am9zdTpFSFU6RG9jdG9yYWRvOlRlc2lzOkJpYmxpb2dyYWZpYTpDb21iaW5hdGlvbiBvZiBHdWlkZSMyNDAyREMucGRmAA4A9gB6AEMAbwBtAGIAaQBuAGEAdABpAG8AbgAgAG8AZgAgAEcAdQBpAGQAZQBkACAATABvAGMAYQBsACAAUwBlAGEAcgBjAGgAIABhAG4AZAAgAEUAcwB0AGkAbQBhAHQAaQBvAG4AIABvAGYAIABEAGkAcwB0AHIAaQBiAHUAdABpAG8AbgAgAEEAbABnAG8AcgBpAHQAaABtACAAZgBvAHIAIABRAHUAYQBkAHIAYQB0AGkAYwAgAEEAcwBzAGkAZwBuAG0AZQBuAHQAIABQAHIAbwBiAGwAZQBtAHMAXwBRAGkAbgBnAGYAdQAwADQALgBwAGQAZgAPABoADABNAGEAYwBpAG4AdABvAHMAaAAgAEgARAASAKZVc2Vycy9qb3N1L0VIVS9Eb2N0b3JhZG8vVGVzaXMvQmlibGlvZ3JhZmlhL0NvbWJpbmF0aW9uIG9mIEd1aWRlZCBMb2NhbCBTZWFyY2ggYW5kIEVzdGltYXRpb24gb2YgRGlzdHJpYnV0aW9uIEFsZ29yaXRobSBmb3IgUXVhZHJhdGljIEFzc2lnbm1lbnQgUHJvYmxlbXNfUWluZ2Z1MDQucGRmABMAAS8AABUAAgAL//8AAIAF0hwdHh9YJGNsYXNzZXNaJGNsYXNzbmFtZaMfICFdTlNNdXRhYmxlRGF0YVZOU0RhdGFYTlNPYmplY3RfEJAuLi8uLi8uLi9CaWJsaW9ncmFmaWEvQ29tYmluYXRpb24gb2YgR3VpZGVkIExvY2FsIFNlYXJjaCBhbmQgRXN0aW1hdGlvbiBvZiBEaXN0cmlidXRpb24gQWxnb3JpdGhtIGZvciBRdWFkcmF0aWMgQXNzaWdubWVudCBQcm9ibGVtc19RaW5nZnUwNC5wZGbSHB0kJaIlIVxOU0RpY3Rpb25hcnkSAAGGoF8QD05TS2V5ZWRBcmNoaXZlcgAIABEAFgAfACgAMgA1ADoAPABFAEsAUgBdAGUAbABvAHEAcwB2AHgAegB8AIYAkwCYAKADrAOuA7MDvAPHA8sD2QPgA+kEfASBBIQEkQSWAAAAAAAAAgEAAAAAAAAAKAAAAAAAAAAAAAAAAAAABKg=}}

@article{Qingfu06,
	Author = {Q. Zhang and J. Sun and E. Tsang and J. Ford},
	Date-Added = {2011-06-12 16:05:32 +0200},
	Date-Modified = {2011-06-14 14:22:34 +0200},
	Journal = {Studies in {F}uzziness and {S}oft {C}omputing},
	Pages = {281-292},
	Title = {Estimation of {D}istribution {A}lgorithm with 2-opt {L}ocal {S}earch for the {Q}uadratic {A}ssignment {P}roblem},
	Volume = {192/2006},
	Year = {2006},
	Bdsk-File-1 = {YnBsaXN0MDDUAQIDBAUIJidUJHRvcFgkb2JqZWN0c1gkdmVyc2lvblkkYXJjaGl2ZXLRBgdUcm9vdIABqAkKFRYXGyIjVSRudWxs0wsMDQ4RFFpOUy5vYmplY3RzV05TLmtleXNWJGNsYXNzog8QgASABqISE4ACgAOAB1lhbGlhc0RhdGFccmVsYXRpdmVQYXRo0hgNGRpXTlMuZGF0YU8RAuQAAAAAAuQAAgAADE1hY2ludG9zaCBIRAAAAAAAAAAAAAAAAAAAAMl5pDhIKwAAAA18lR9Fc3RpbWF0aW9uIG9mIERpc3RyaSMyNDAyRjAucGRmAAAAAAAAAAAAAAAAAAAAAAAAAAAAAAAAAAAAAAAAAAAAJALwyhe1ogAAAAAAAAAAAAMAAgAACSAAAAAAAAAAAAAAAAAAAAAMQmlibGlvZ3JhZmlhABAACAAAyXmWKAAAABEACAAAyheZggAAAAEAGAANfJUADXxoAA18VwANfFIACHyQAACX7QACAFhNYWNpbnRvc2ggSEQ6VXNlcnM6am9zdTpFSFU6RG9jdG9yYWRvOlRlc2lzOkJpYmxpb2dyYWZpYTpFc3RpbWF0aW9uIG9mIERpc3RyaSMyNDAyRjAucGRmAA4A3gBuAEUAcwB0AGkAbQBhAHQAaQBvAG4AIABvAGYAIABEAGkAcwB0AHIAaQBiAHUAdABpAG8AbgAgAEEAbABnAG8AcgBpAHQAaABtACAAdwBpAHQAaAAgADIALQBvAHAAdAAgAEwAbwBjAGEAbAAgAFMAZQBhAHIAYwBoACAAZgBvAHIAIAB0AGgAZQAgAFEAdQBhAGQAcgBhAHQAaQBjACAAQQBzAHMAaQBnAG4AbQBlAG4AdAAgAFAAcgBvAGIAbABlAG0AXwBRAGkAbgBnAGYAdQAwADYALgBwAGQAZgAPABoADABNAGEAYwBpAG4AdABvAHMAaAAgAEgARAASAJpVc2Vycy9qb3N1L0VIVS9Eb2N0b3JhZG8vVGVzaXMvQmlibGlvZ3JhZmlhL0VzdGltYXRpb24gb2YgRGlzdHJpYnV0aW9uIEFsZ29yaXRobSB3aXRoIDItb3B0IExvY2FsIFNlYXJjaCBmb3IgdGhlIFF1YWRyYXRpYyBBc3NpZ25tZW50IFByb2JsZW1fUWluZ2Z1MDYucGRmABMAAS8AABUAAgAL//8AAIAF0hwdHh9YJGNsYXNzZXNaJGNsYXNzbmFtZaMfICFdTlNNdXRhYmxlRGF0YVZOU0RhdGFYTlNPYmplY3RfEIQuLi8uLi8uLi9CaWJsaW9ncmFmaWEvRXN0aW1hdGlvbiBvZiBEaXN0cmlidXRpb24gQWxnb3JpdGhtIHdpdGggMi1vcHQgTG9jYWwgU2VhcmNoIGZvciB0aGUgUXVhZHJhdGljIEFzc2lnbm1lbnQgUHJvYmxlbV9RaW5nZnUwNi5wZGbSHB0kJaIlIVxOU0RpY3Rpb25hcnkSAAGGoF8QD05TS2V5ZWRBcmNoaXZlcgAIABEAFgAfACgAMgA1ADoAPABFAEsAUgBdAGUAbABvAHEAcwB2AHgAegB8AIYAkwCYAKADiAOKA48DmAOjA6cDtQO8A8UETARRBFQEYQRmAAAAAAAAAgEAAAAAAAAAKAAAAAAAAAAAAAAAAAAABHg=}}

@article{Qingfu05,
	Author = {Q. Zhang and J. Sun and E. Tsang},
	Date-Added = {2011-06-12 15:45:03 +0200},
	Date-Modified = {2011-06-14 12:39:03 +0200},
	Journal = {{IEEE} {T}ransactions on {E}volutionary {C}omputation},
	Title = {An {E}volutionary {A}lgorithm {W}ith {G}uided {M}utation for the {M}aximum {C}lique {P}roblem},
	Year = {2005},
	Bdsk-File-1 = {YnBsaXN0MDDUAQIDBAUIJidUJHRvcFgkb2JqZWN0c1gkdmVyc2lvblkkYXJjaGl2ZXLRBgdUcm9vdIABqAkKFRYXGyIjVSRudWxs0wsMDQ4RFFpOUy5vYmplY3RzV05TLmtleXNWJGNsYXNzog8QgASABqISE4ACgAOAB1lhbGlhc0RhdGFccmVsYXRpdmVQYXRo0hgNGRpXTlMuZGF0YU8RAjQAAAAAAjQAAgAADE1hY2ludG9zaCBIRAAAAAAAAAAAAAAAAAAAAMl5pDhIKwAAAA18lR9BbiBFQSB3aXRoIEd1aWRlZCBNdSMyNDA5QTgucGRmAAAAAAAAAAAAAAAAAAAAAAAAAAAAAAAAAAAAAAAAAAAAJAmoyhf7ewAAAAAAAAAAAAMAAgAACSAAAAAAAAAAAAAAAAAAAAAMQmlibGlvZ3JhZmlhABAACAAAyXmWKAAAABEACAAAyhffWwAAAAEAGAANfJUADXxoAA18VwANfFIACHyQAACX7QACAFhNYWNpbnRvc2ggSEQ6VXNlcnM6am9zdTpFSFU6RG9jdG9yYWRvOlRlc2lzOkJpYmxpb2dyYWZpYTpBbiBFQSB3aXRoIEd1aWRlZCBNdSMyNDA5QTgucGRmAA4AaAAzAEEAbgAgAEUAQQAgAHcAaQB0AGgAIABHAHUAaQBkAGUAZAAgAE0AdQB0AGEAdABpAG8AbgAgAGYAbwByACAAdABoAGUAIABNAEMAUABfAFEAaQBuAGcAZgB1ADAANQAuAHAAZABmAA8AGgAMAE0AYQBjAGkAbgB0AG8AcwBoACAASABEABIAX1VzZXJzL2pvc3UvRUhVL0RvY3RvcmFkby9UZXNpcy9CaWJsaW9ncmFmaWEvQW4gRUEgd2l0aCBHdWlkZWQgTXV0YXRpb24gZm9yIHRoZSBNQ1BfUWluZ2Z1MDUucGRmAAATAAEvAAAVAAIAC///AACABdIcHR4fWCRjbGFzc2VzWiRjbGFzc25hbWWjHyAhXU5TTXV0YWJsZURhdGFWTlNEYXRhWE5TT2JqZWN0XxBJLi4vLi4vLi4vQmlibGlvZ3JhZmlhL0FuIEVBIHdpdGggR3VpZGVkIE11dGF0aW9uIGZvciB0aGUgTUNQX1FpbmdmdTA1LnBkZtIcHSQloiUhXE5TRGljdGlvbmFyeRIAAYagXxAPTlNLZXllZEFyY2hpdmVyAAgAEQAWAB8AKAAyADUAOgA8AEUASwBSAF0AZQBsAG8AcQBzAHYAeAB6AHwAhgCTAJgAoALYAtoC3wLoAvMC9wMFAwwDFQNhA2YDaQN2A3sAAAAAAAACAQAAAAAAAAAoAAAAAAAAAAAAAAAAAAADjQ==}}

@article{citeulike:500644,
	Abstract = {{A method is presented to approximate optimally an n -dimensional discrete probability distribution by a product of second-order distributions, or the distribution of the first-order tree dependence. The problem is to find an optimum set of n - 1 first order dependence relationship among the n variables. It is shown that the procedure derived in this paper yields an approximation of a minimum difference in information. It is further shown that when this procedure is applied to empirical observations from an unknown distribution of tree dependence, the procedure is the maximum-likelihood estimate of the distribution.}},
	Author = {Chow, C. and Liu, C.},
	Citeulike-Article-Id = {500644},
	Citeulike-Linkout-0 = {http://dx.doi.org/10.1109/TIT.1968.1054142},
	Citeulike-Linkout-1 = {http://ieeexplore.ieee.org/xpls/abs\_all.jsp?arnumber=1054142},
	Date-Added = {2011-05-25 14:44:19 +0200},
	Date-Modified = {2011-05-25 14:44:19 +0200},
	Doi = {10.1109/TIT.1968.1054142},
	Issn = {0018-9448},
	Journal = {IEEE Transactions on Information Theory},
	Keywords = {graphical-models},
	Month = may,
	Number = {3},
	Pages = {462--467},
	Posted-At = {2006-02-10 16:25:10},
	Priority = {3},
	Title = {{Approximating discrete probability distributions with dependence trees}},
	Url = {http://dx.doi.org/10.1109/TIT.1968.1054142},
	Volume = {14},
	Year = {1968},
	Bdsk-Url-1 = {http://dx.doi.org/10.1109/TIT.1968.1054142}}

@techreport{RePEc:cwl:cwldpp:4,
	Address = {http://ideas.repec.org/p/cwl/cwldpp/4.html},
	Author = {Tjalling C. Koopmans and Martin J. Beckmann},
	Date-Added = {2011-05-25 14:41:01 +0200},
	Date-Modified = {2011-05-25 16:07:42 +0200},
	Institution = {Cowles Foundation for Research in Economics, Yale University},
	Number = {4},
	Title = {Assignment {P}roblems and the {L}ocation of {E}conomic {A}ctivities},
	Type = {Cowles Foundation Discussion Papers},
	Year = {1955},
	Bdsk-File-1 = {YnBsaXN0MDDUAQIDBAUIJidUJHRvcFgkb2JqZWN0c1gkdmVyc2lvblkkYXJjaGl2ZXLRBgdUcm9vdIABqAkKFRYXGyIjVSRudWxs0wsMDQ4RFFpOUy5vYmplY3RzV05TLmtleXNWJGNsYXNzog8QgASABqISE4ACgAOAB1lhbGlhc0RhdGFccmVsYXRpdmVQYXRo0hgNGRpXTlMuZGF0YU8RAngAAAAAAngAAgAADE1hY2ludG9zaCBIRAAAAAAAAAAAAAAAAAAAAMl5pDhIKwAAAA18lR9Bc3NpZ21lbnQgcHJvYmxlbXMgYSMxRjYwNDIucGRmAAAAAAAAAAAAAAAAAAAAAAAAAAAAAAAAAAAAAAAAAAAAH2BCygLE9gAAAAAAAAAAAAMAAgAACSAAAAAAAAAAAAAAAAAAAAAMQmlibGlvZ3JhZmlhABAACAAAyXmWKAAAABEACAAAygKo1gAAAAEAGAANfJUADXxoAA18VwANfFIACHyQAACX7QACAFhNYWNpbnRvc2ggSEQ6VXNlcnM6am9zdTpFSFU6RG9jdG9yYWRvOlRlc2lzOkJpYmxpb2dyYWZpYTpBc3NpZ21lbnQgcHJvYmxlbXMgYSMxRjYwNDIucGRmAA4AlgBKAEEAcwBzAGkAZwBtAGUAbgB0ACAAcAByAG8AYgBsAGUAbQBzACAAYQBuAGQAIAB0AGgAZQAgAGwAbwBjAGEAdABpAG8AbgAgAG8AZgAgAGMAbwBuAG8AbQBpAGMAIABhAGMAdABpAHYAaQB0AGkAZQBzAF8ASwBvAG8AcABtAGEAbgBzADEAOQA1ADcALgBwAGQAZgAPABoADABNAGEAYwBpAG4AdABvAHMAaAAgAEgARAASAHZVc2Vycy9qb3N1L0VIVS9Eb2N0b3JhZG8vVGVzaXMvQmlibGlvZ3JhZmlhL0Fzc2lnbWVudCBwcm9ibGVtcyBhbmQgdGhlIGxvY2F0aW9uIG9mIGNvbm9taWMgYWN0aXZpdGllc19Lb29wbWFuczE5NTcucGRmABMAAS8AABUAAgAL//8AAIAF0hwdHh9YJGNsYXNzZXNaJGNsYXNzbmFtZaMfICFdTlNNdXRhYmxlRGF0YVZOU0RhdGFYTlNPYmplY3RfEGAuLi8uLi8uLi9CaWJsaW9ncmFmaWEvQXNzaWdtZW50IHByb2JsZW1zIGFuZCB0aGUgbG9jYXRpb24gb2YgY29ub21pYyBhY3Rpdml0aWVzX0tvb3BtYW5zMTk1Ny5wZGbSHB0kJaIlIVxOU0RpY3Rpb25hcnkSAAGGoF8QD05TS2V5ZWRBcmNoaXZlcgAIABEAFgAfACgAMgA1ADoAPABFAEsAUgBdAGUAbABvAHEAcwB2AHgAegB8AIYAkwCYAKADHAMeAyMDLAM3AzsDSQNQA1kDvAPBA8QD0QPWAAAAAAAAAgEAAAAAAAAAKAAAAAAAAAAAAAAAAAAAA+g=}}

@inproceedings{DBLP:conf/icga/GoldbergL85,
	Author = {David E. Goldberg and Robert Lingle Jr.},
	Bibsource = {DBLP, http://dblp.uni-trier.de},
	Booktitle = {ICGA},
	Date-Added = {2011-05-25 14:34:19 +0200},
	Date-Modified = {2011-06-14 14:15:58 +0200},
	Pages = {154-159},
	Title = {Alleles{L}ociand the {T}raveling {S}alesman {P}roblem},
	Year = {1985}}

@article{Liu:2011:HPS:1922689.1922960,
	Acmid = {1922960},
	Address = {Tarrytown, NY, USA},
	Author = {Liu, Hongcheng and Gao, Liang and Pan, Quanke},
	Date-Added = {2011-05-08 21:07:05 +0200},
	Date-Modified = {2011-05-08 21:07:05 +0200},
	Doi = {http://dx.doi.org/10.1016/j.eswa.2010.09.104},
	Issn = {0957-4174},
	Issue = {4},
	Issue_Date = {April, 2011},
	Journal = {Expert Syst. Appl.},
	Keywords = {EDA, Flowshop, MWL, Metaheuristics, NEH_insertion, NEH_interchange, PSO, SInfo},
	Month = {April},
	Numpages = {13},
	Pages = {4348--4360},
	Publisher = {Pergamon Press, Inc.},
	Title = {A hybrid particle swarm optimization with estimation of distribution algorithm for solving permutation flowshop scheduling problem},
	Url = {http://dx.doi.org/10.1016/j.eswa.2010.09.104},
	Volume = {38},
	Year = {2011},
	Bdsk-Url-1 = {http://dx.doi.org/10.1016/j.eswa.2010.09.104}}

@inproceedings{DBLP:conf/smc/Tsutsui09,
	Author = {S. Tsutsui},
	Bibsource = {DBLP, http://dblp.uni-trier.de},
	Booktitle = {SMC},
	Date-Modified = {2011-05-19 12:32:55 +0200},
	Ee = {http://dx.doi.org/10.1109/ICSMC.2009.5346283},
	Pages = {2137--2142},
	Title = {Effect of {U}sing {P}artial {S}olutions in {E}dge {H}istogram {S}ampling {A}lgorithms with {D}ifferent {L}ocal {S}earches},
	Year = {2009}}

@inproceedings{DBLP:conf/ppsn/Tsutsui02,
	Author = {S. Tsutsui},
	Bibsource = {DBLP, http://dblp.uni-trier.de},
	Booktitle = {PPSN},
	Date-Modified = {2011-05-19 12:33:45 +0200},
	Ee = {http://link.springer.de/link/service/series/0558/bibs/2439/24390224.htm},
	Pages = {224--233},
	Title = {Probabilistic {M}odel-{B}uilding {G}enetic {A}lgorithms in {P}ermutation {R}epresentation {D}omain {U}sing {E}dge {H}istogram},
	Year = {2002}}

@inproceedings{DBLP:conf/ppsn/BosmanT02,
	Author = {P. A. N. Bosman and D. Thierens},
	Bibsource = {DBLP, http://dblp.uni-trier.de},
	Booktitle = {PPSN},
	Date-Modified = {2011-05-08 21:17:52 +0200},
	Ee = {http://link.springer.de/link/service/series/0558/bibs/2439/24390331.htm},
	Pages = {331--340},
	Title = {Permutation Optimization by Iterated Estimation of Random Keys Marginal Product Factorizations},
	Year = {2002}}

@incollection{DBLP:series/sci/HarikLS06,
	Author = {G. R. Harik and F. G. Lobo and K. Sastry},
	Bibsource = {DBLP, http://dblp.uni-trier.de},
	Booktitle = {Scalable Optimization via Probabilistic Modeling},
	Crossref = {DBLP:series/sci/2006-33},
	Ee = {http://dx.doi.org/10.1007/978-3-540-34954-9\\\\\\\\\\\\\\\\\\\\\\\\\\\\\\\\\\\\\\\\\\\\\\\\\\\\\\\\\\\\\\\\\\\\\\\\\_3},
	Pages = {39--61},
	Title = {Linkage Learning via Probabilistic Modeling in the Extended Compact Genetic Algorithm (ECGA)},
	Year = {2006}}

@inproceedings{DBLP:conf/gecco/KnjazewG00,
	Author = {Dimitri Knjazew and David E. Goldberg},
	Bibsource = {DBLP, http://dblp.uni-trier.de},
	Booktitle = {GECCO},
	Date-Modified = {2011-05-25 14:35:05 +0200},
	Pages = {181--188},
	Title = {OMEGA - Ordering Messy GA: Solving Permutation Problems with the Fast Genetic Algorithm and Random Keys},
	Year = {2000},
	Bdsk-File-1 = {YnBsaXN0MDDUAQIDBAUIJidUJHRvcFgkb2JqZWN0c1gkdmVyc2lvblkkYXJjaGl2ZXLRBgdUcm9vdIABqAkKFRYXGyIjVSRudWxs0wsMDQ4RFFpOUy5vYmplY3RzV05TLmtleXNWJGNsYXNzog8QgASABqISE4ACgAOAB1lhbGlhc0RhdGFccmVsYXRpdmVQYXRo0hgNGRpXTlMuZGF0YU8RAcAAAAAAAcAAAgAADE1hY2ludG9zaCBIRAAAAAAAAAAAAAAAAAAAAMl5pDhIKwAAAA18lRFPbWVHQV9LbmphemV3LnBkZgAAAAAAAAAAAAAAAAAAAAAAAAAAAAAAAAAAAAAAAAAAAAAAAAAAAAAAAAAAAAAADYlPyRxoHwAAAAAAAAAAAAMAAgAACSAAAAAAAAAAAAAAAAAAAAAMQmlibGlvZ3JhZmlhABAACAAAyXmWKAAAABEACAAAyRxaDwAAAAEAGAANfJUADXxoAA18VwANfFIACHyQAACX7QACAEpNYWNpbnRvc2ggSEQ6VXNlcnM6am9zdTpFSFU6RG9jdG9yYWRvOlRlc2lzOkJpYmxpb2dyYWZpYTpPbWVHQV9LbmphemV3LnBkZgAOACQAEQBPAG0AZQBHAEEAXwBLAG4AagBhAHoAZQB3AC4AcABkAGYADwAaAAwATQBhAGMAaQBuAHQAbwBzAGgAIABIAEQAEgA9VXNlcnMvam9zdS9FSFUvRG9jdG9yYWRvL1Rlc2lzL0JpYmxpb2dyYWZpYS9PbWVHQV9LbmphemV3LnBkZgAAEwABLwAAFQACAAv//wAAgAXSHB0eH1gkY2xhc3Nlc1okY2xhc3NuYW1lox8gIV1OU011dGFibGVEYXRhVk5TRGF0YVhOU09iamVjdF8QJy4uLy4uLy4uL0JpYmxpb2dyYWZpYS9PbWVHQV9LbmphemV3LnBkZtIcHSQloiUhXE5TRGljdGlvbmFyeRIAAYagXxAPTlNLZXllZEFyY2hpdmVyAAgAEQAWAB8AKAAyADUAOgA8AEUASwBSAF0AZQBsAG8AcQBzAHYAeAB6AHwAhgCTAJgAoAJkAmYCawJ0An8CgwKRApgCoQLLAtAC0wLgAuUAAAAAAAACAQAAAAAAAAAoAAAAAAAAAAAAAAAAAAAC9w==}}

@inproceedings{DBLP:conf/icannga/YuanOS07,
	Author = {Bo Yuan and Maria E. Orlowska and Shazia Wasim Sadiq},
	Bibsource = {DBLP, http://dblp.uni-trier.de},
	Booktitle = {ICANNGA (1)},
	Date-Modified = {2011-05-19 12:26:25 +0200},
	Ee = {http://dx.doi.org/10.1007/978-3-540-71618-1\\\\\\\\\\\\\\\\\\\\\\\\\\\\\\\\\\\\\\\\\\_59},
	Pages = {536--545},
	Title = {Finding the Optimal Path in 3D Spaces Using {EDA}s - The Wireless Sensor Networks Scenario},
	Year = {2007}}

@inproceedings{DBLP:conf/gecco/BrownleePMP08,
	Author = {Alexander E. I. Brownlee and Martin Pelikan and John A. W. McCall and Andrei Petrovski},
	Bibsource = {DBLP, http://dblp.uni-trier.de},
	Booktitle = {GECCO},
	Crossref = {DBLP:conf/gecco/2008},
	Ee = {http://doi.acm.org/10.1145/1389095.1389179},
	Pages = {463--464},
	Title = {An application of a multivariate estimation of distribution algorithm to cancer chemotherapy},
	Year = {2008}}

@inproceedings{DBLP:conf/uai/Henrion86,
	Author = {Max Henrion},
	Bibsource = {DBLP, http://dblp.uni-trier.de},
	Booktitle = {UAI},
	Crossref = {DBLP:conf/uai/1986},
	Date-Modified = {2011-05-19 12:43:41 +0200},
	Ee = {http://www2.sis.pitt.edu/$\sim$dsl/UAI/UAI86/Henrion.UAI86.html},
	Pages = {149--164},
	Title = {Propagating uncertainty in {B}ayesian networks by {P}robabilistic {L}ogic {S}ampling},
	Year = {1986}}

@inproceedings{DBLP:conf/ppsn/BosmanT00,
	Author = {Peter A. N. Bosman and Dirk Thierens},
	Bibsource = {DBLP, http://dblp.uni-trier.de},
	Booktitle = {PPSN},
	Crossref = {DBLP:conf/ppsn/2000},
	Date-Modified = {2011-06-14 14:11:11 +0200},
	Ee = {http://dx.doi.org/10.1007/3-540-45356-3\\\\\\\\\\\\\\\\_75},
	Pages = {767--776},
	Title = {Expanding from {D}iscrete to {C}ontinuous {E}stimation of {D}istribution {A}lgorithms: The {IDEA}},
	Year = {2000}}

@techreport{Pelikan07dependencytrees,
	Author = {M. Pelikan and S. Tsutsui and R. Kalapala},
	Date-Modified = {2011-05-19 12:50:51 +0200},
	Institution = {Medal Report No. 2007003},
	Title = {Dependency {T}rees, {P}ermutations, and {Q}uadratic {A}ssignment {P}roblem},
	Year = {2007}}

@techreport{Tsutsui_Illigal2003,
	Author = {S. Tsutsui and M. Pelikan and D. E. Goldberg},
	Date-Modified = {2011-05-19 12:37:48 +0200},
	Institution = {IlliGAL Report No. 2003022},
	Title = {Using {E}dge {H}istogram {M}odels to {S}olve {P}ermutation {P}roblems with {P}robabilistic {M}odel-{B}uilding {G}enetic {A}lgorithms},
	Year = {2003}}

@inproceedings{Tsutsui_SMC2006,
	Author = {S. Tsutsui},
	Booktitle = {IEEE International Conference on Systems, Man, and Cybernetics. October 8-11, 2006, Taipei, Taiwan},
	Pages = {3132--3137},
	Title = {A {C}omparative {S}tudy of {S}ampling {M}ethods in {N}ode {H}istogram {M}odels with {P}robabilistic {M}odel-{B}uilding {G}enetic {A}lgorithms},
	Volume = {4},
	Year = {2006}}

@inproceedings{Tsutsui_FlowShop,
	Author = {S. Tsutsui and M. Miki},
	Booktitle = {4th Asia-Pacific Conference on Simulated Evolution And Learning (SEAL 02)},
	Date-Modified = {2011-05-19 12:41:06 +0200},
	Pages = {776--780},
	Title = {{S}olving {F}low {S}hop {S}cheduling {P}roblems with {P}robabilistic {M}odel-{B}uilding {G}enetic {A}lgorithms using {E}dge {H}istograms},
	Year = {2002}}

@techreport{Tsutsui06nodehistogram,
	Author = {S. Tsutsui and M. Pelikan and D. E. Goldberg},
	Date-Modified = {2011-05-19 12:42:36 +0200},
	Institution = {Medal},
	Title = {Node {H}istogram vs. {E}dge {H}istogram: {A} {C}omparison of {PMBGA}s in {P}ermutation {D}omains},
	Year = {2006}}

@inproceedings{muhlenbein96,
	Author = {H. M{\"u}hlenbein and G. Paa{\ss}},
	Booktitle = {Lecture Notes in Computer Science 1411: Parallel Problem Solving from Nature - PPSN IV},
	Date-Modified = {2011-06-14 14:20:03 +0200},
	File = F,
	Pages = {178--187},
	Title = {From {R}ecombination of {G}enes to the {E}stimation of {D}istributions {I}. {B}inary {P}arameters},
	Year = {1996}}

@book{zhigljavsky91,
	Author = {A. A. Zhigljavsky},
	File = F,
	Publisher = {Kluwer Academic Publishers},
	Title = {Theory of Global Random Search},
	Year = {1991}}

@book{goldberg89,
	Author = {D. E. Goldberg},
	File = F,
	Publisher = {Addison/Wesley, Reading MA},
	Title = {Genetic Algorithms in Search, Optimization, and Machine Learning},
	Year = {1989}}

@article{pelikan02,
	Author = {M. Pelikan and D. E. Goldberg and F. G. Lobo},
	Journal = {Computational Optimization and Applications},
	Number = {1},
	Pages = {5--20},
	Publisher = {Kluwer},
	Title = {A survey of optimization by building and using probabilistic models},
	Volume = {21},
	Year = {2002}}

@book{pelikan00a,
	Author = {M. Pelikan and D. E. Goldberg},
	File = F,
	Publisher = {Parallel Problem Solving from Nature - PPSN VI. Lecture Notes in Computer Science 1917},
	Qeditor = {M. Schoenauer and K. Deb and G. Rudolph and X. Yao and E. Lutton and J. J. Merelo and H.-P. Schwefel},
	Title = {Genetic algorithms, clustering, and the breaking of symmetry},
	Year = {2000}}

@inproceedings{pelikan00b,
	Address = {San Francisco, CA},
	Author = {M. Pelikan and D. E. Goldberg},
	Booktitle = {Proceedings of the Genetic and Evolutionary Computation Conference},
	Editor = {D. Whitley and D. Goldberg and E. Cant{\'u}-Paz and L. Spector and I. Parmee and H.-G. Beyer},
	File = F,
	Pages = {267--274},
	Publisher = {Morgan Kaufmann Publishers},
	Title = {Hierarchical problem solving and the {B}ayesian optimization algorithm},
	Volume = {1},
	Year = {2000}}

@inproceedings{pelikan00c,
	Author = {M. Pelikan and D. E. Goldberg},
	Booktitle = {Proceedings of the 2000 Genetic and Evolutionary Computation Conference Workshop Program},
	Editor = {A.S. Wu},
	File = F,
	Pages = {212--215},
	Title = {Research on the {B}ayesian optimization algorithm},
	Volume = {1},
	Year = {2000}}

@inproceedings{lozano01a,
	Author = {J. A. Lozano and R. Sagarna and P. Larra{\~n}aga},
	Booktitle = {Estimation of Distribution Algorithms: A New Tool for Evolutionary Computation},
	Editor = {P. Larra{\~n}aga and J. A. Lozano},
	Pages = {129--145},
	Publisher = {Kluwer Academic Publishers},
	Title = {Parallel Estimation of Distribution Algorithms},
	Year = {2002}}

@inproceedings{gonzalez02,
	Author = {C. Gonzalez and J. A. Lozano and P. Larra{\~n}aga},
	Booktitle = {Estimation of Distribution Algorithms: A New Tool for Evolutionary Computation},
	Editor = {P. Larra{\~n}aga and J. A. Lozano},
	Pages = {147--166},
	Publisher = {Kluwer Academic Publishers},
	Title = {Mathematical Modeling of Discrete Estimation of Distribution Algorithms},
	Year = {2002}}

@inproceedings{Inzkluwerfss,
	Author = {I. Inza and P. Larra{\~n}aga and B. Sierra},
	Booktitle = {Estimation of Distribution Algorithms. A New Tool for Evolutionary Computation},
	Editor = {P. Larra{\~n}aga and J. A. Lozano},
	Pages = {269--294},
	Publisher = {Kluwer Academic Publishers},
	Title = {Feature {S}ubset {S}election by {E}stimation of {D}istribution {A}lgorithms},
	Year = {2002}}

@book{Pelikan06,
	Address = {Secaucus, NJ, USA},
	Author = {M. Pelikan and K. Sastry and E. Cant{\'u}-Paz},
	Isbn = {3540349537},
	Publisher = {Springer-Verlag New York, Inc.},
	Title = {Scalable Optimization via Probabilistic Modeling: From Algorithms to Applications (Studies in Computational Intelligence)},
	Year = {2006}}

@inproceedings{pelikan99b,
	Address = {San Francisco, CA},
	Author = {M. Pelikan and D. E. Goldberg and E. Cant{\'u}-Paz},
	Booktitle = {Proceedings of the Genetic and Evolutionary Computation Conference GECCO-99, Orlando FL},
	Editor = {W. Banzhaf and J. Daida and A. E. Eiben and M. H. Garzon and V. Honavar and M. Jakiela and R. E. Smith},
	File = F,
	Pages = {525--532},
	Publisher = {Morgan Kaufmann Publishers},
	Title = {{BOA}: The {B}ayesian optimization algorithm},
	Volume = {1},
	Year = {1999},
	Bdsk-File-1 = {YnBsaXN0MDDUAQIDBAUIJidUJHRvcFgkb2JqZWN0c1gkdmVyc2lvblkkYXJjaGl2ZXLRBgdUcm9vdIABqAkKFRYXGyIjVSRudWxs0wsMDQ4RFFpOUy5vYmplY3RzV05TLmtleXNWJGNsYXNzog8QgASABqISE4ACgAOAB1lhbGlhc0RhdGFccmVsYXRpdmVQYXRo0hgNGRpXTlMuZGF0YU8RAuQAAAAAAuQAAgAADE1hY2ludG9zaCBIRAAAAAAAAAAAAAAAAAAAAMl5pDhIKwAAAA18lR9Fc3RpbWF0aW9uIG9mIERpc3RyaSMyNDAyRjAucGRmAAAAAAAAAAAAAAAAAAAAAAAAAAAAAAAAAAAAAAAAAAAAJALwyhe1ogAAAAAAAAAAAAMAAgAACSAAAAAAAAAAAAAAAAAAAAAMQmlibGlvZ3JhZmlhABAACAAAyXmWKAAAABEACAAAyheZggAAAAEAGAANfJUADXxoAA18VwANfFIACHyQAACX7QACAFhNYWNpbnRvc2ggSEQ6VXNlcnM6am9zdTpFSFU6RG9jdG9yYWRvOlRlc2lzOkJpYmxpb2dyYWZpYTpFc3RpbWF0aW9uIG9mIERpc3RyaSMyNDAyRjAucGRmAA4A3gBuAEUAcwB0AGkAbQBhAHQAaQBvAG4AIABvAGYAIABEAGkAcwB0AHIAaQBiAHUAdABpAG8AbgAgAEEAbABnAG8AcgBpAHQAaABtACAAdwBpAHQAaAAgADIALQBvAHAAdAAgAEwAbwBjAGEAbAAgAFMAZQBhAHIAYwBoACAAZgBvAHIAIAB0AGgAZQAgAFEAdQBhAGQAcgBhAHQAaQBjACAAQQBzAHMAaQBnAG4AbQBlAG4AdAAgAFAAcgBvAGIAbABlAG0AXwBRAGkAbgBnAGYAdQAwADYALgBwAGQAZgAPABoADABNAGEAYwBpAG4AdABvAHMAaAAgAEgARAASAJpVc2Vycy9qb3N1L0VIVS9Eb2N0b3JhZG8vVGVzaXMvQmlibGlvZ3JhZmlhL0VzdGltYXRpb24gb2YgRGlzdHJpYnV0aW9uIEFsZ29yaXRobSB3aXRoIDItb3B0IExvY2FsIFNlYXJjaCBmb3IgdGhlIFF1YWRyYXRpYyBBc3NpZ25tZW50IFByb2JsZW1fUWluZ2Z1MDYucGRmABMAAS8AABUAAgAL//8AAIAF0hwdHh9YJGNsYXNzZXNaJGNsYXNzbmFtZaMfICFdTlNNdXRhYmxlRGF0YVZOU0RhdGFYTlNPYmplY3RfEIQuLi8uLi8uLi9CaWJsaW9ncmFmaWEvRXN0aW1hdGlvbiBvZiBEaXN0cmlidXRpb24gQWxnb3JpdGhtIHdpdGggMi1vcHQgTG9jYWwgU2VhcmNoIGZvciB0aGUgUXVhZHJhdGljIEFzc2lnbm1lbnQgUHJvYmxlbV9RaW5nZnUwNi5wZGbSHB0kJaIlIVxOU0RpY3Rpb25hcnkSAAGGoF8QD05TS2V5ZWRBcmNoaXZlcgAIABEAFgAfACgAMgA1ADoAPABFAEsAUgBdAGUAbABvAHEAcwB2AHgAegB8AIYAkwCYAKADiAOKA48DmAOjA6cDtQO8A8UETARRBFQEYQRmAAAAAAAAAgEAAAAAAAAAKAAAAAAAAAAAAAAAAAAABHg=}}

@phdthesis{bosman03,
	Author = {P. A. N. Bosman},
	File = F,
	School = {Utrech University},
	Title = {Design and Application of Iterated Density-Estimation Evolutionary Algorithms},
	Year = {2003}}

@inproceedings{Bosman01,
	Author = {P. A. N. Bosman and D. Thierens},
	Booktitle = {Genetic and Evolutionary Computation Conference, GECCO 2001, Proceedings, San Francisco, California, USA, 2001},
	Editor = {L. Spector et al. {et al.}},
	Pages = {219--226},
	Publisher = {Morgan Kaufmann},
	Title = {Crossing the road to efficient {IDEA}s for permutation problems},
	Year = {2001},
	Bdsk-File-1 = {YnBsaXN0MDDUAQIDBAUIJidUJHRvcFgkb2JqZWN0c1gkdmVyc2lvblkkYXJjaGl2ZXLRBgdUcm9vdIABqAkKFRYXGyIjVSRudWxs0wsMDQ4RFFpOUy5vYmplY3RzV05TLmtleXNWJGNsYXNzog8QgASABqISE4ACgAOAB1lhbGlhc0RhdGFccmVsYXRpdmVQYXRo0hgNGRpXTlMuZGF0YU8RAnIAAAAAAnIAAgAADE1hY2ludG9zaCBIRAAAAAAAAAAAAAAAAAAAAMl5pDhIKwAAAA18lR9Dcm9zc2luZyB0aGUgUm9hZCB0byAjRDg2REIucGRmAAAAAAAAAAAAAAAAAAAAAAAAAAAAAAAAAAAAAAAAAAAADYbbyT+FZgAAAAAAAAAAAAMAAgAACSAAAAAAAAAAAAAAAAAAAAAMQmlibGlvZ3JhZmlhABAACAAAyXmWKAAAABEACAAAyT93VgAAAAEAGAANfJUADXxoAA18VwANfFIACHyQAACX7QACAFhNYWNpbnRvc2ggSEQ6VXNlcnM6am9zdTpFSFU6RG9jdG9yYWRvOlRlc2lzOkJpYmxpb2dyYWZpYTpDcm9zc2luZyB0aGUgUm9hZCB0byAjRDg2REIucGRmAA4AkgBIAEMAcgBvAHMAcwBpAG4AZwAgAHQAaABlACAAUgBvAGEAZAAgAHQAbwAgAEUAZgBmAGkAYwBpAGUAbgB0ACAASQBEAEUAQQBzACAAZgBvAHIAIABQAGUAcgBtAHUAdABhAHQAaQBvAG4AIABQAHIAbwBiAGwAZQBtAHMAXwBiAG8AcwBtAGEAbgAuAHAAZABmAA8AGgAMAE0AYQBjAGkAbgB0AG8AcwBoACAASABEABIAdFVzZXJzL2pvc3UvRUhVL0RvY3RvcmFkby9UZXNpcy9CaWJsaW9ncmFmaWEvQ3Jvc3NpbmcgdGhlIFJvYWQgdG8gRWZmaWNpZW50IElERUFzIGZvciBQZXJtdXRhdGlvbiBQcm9ibGVtc19ib3NtYW4ucGRmABMAAS8AABUAAgAL//8AAIAF0hwdHh9YJGNsYXNzZXNaJGNsYXNzbmFtZaMfICFdTlNNdXRhYmxlRGF0YVZOU0RhdGFYTlNPYmplY3RfEF4uLi8uLi8uLi9CaWJsaW9ncmFmaWEvQ3Jvc3NpbmcgdGhlIFJvYWQgdG8gRWZmaWNpZW50IElERUFzIGZvciBQZXJtdXRhdGlvbiBQcm9ibGVtc19ib3NtYW4ucGRm0hwdJCWiJSFcTlNEaWN0aW9uYXJ5EgABhqBfEA9OU0tleWVkQXJjaGl2ZXIACAARABYAHwAoADIANQA6ADwARQBLAFIAXQBlAGwAbwBxAHMAdgB4AHoAfACGAJMAmACgAxYDGAMdAyYDMQM1A0MDSgNTA7QDuQO8A8kDzgAAAAAAAAIBAAAAAAAAACgAAAAAAAAAAAAAAAAAAAPg}}

@inproceedings{santana99,
	Author = {R. Santana and A. Ochoa},
	Booktitle = {Second Symposium on Artificial Intelligence. Adaptive Systems. CIMAF 99, La Habana},
	File = F,
	Pages = {378--384},
	Title = {Dealing with Constraints with Estimation of Distribution Algorithms: The Univariate case},
	Year = {1999}}

@article{muhlenbein98,
	Author = {H. M{\"u}hlenbein},
	File = F,
	Journal = {Evolutionary Computation},
	Pages = {303--346},
	Title = {The Equation for Response to Selection and its Use for Prediction},
	Volume = {5},
	Year = {1998}}

@inproceedings{syswerda93,
	Address = {San Mateo, CA},
	Author = {G. Syswerda},
	Booktitle = {Foundations of Genetic Algorithms},
	File = F,
	Pages = {239--255},
	Publisher = {Morgan Kaufmann},
	Title = {Simulated crossover in genetic algorithms},
	Volume = 2,
	Year = {1993}}

@inproceedings{harik98,
	Author = {G. R. Harik and F. G. Lobo and D. E. Goldberg},
	Booktitle = {Proceedings of the IEEE Conference on Evolutionary Computation},
	File = F,
	Pages = {523--528},
	Title = {The Compact Genetic Algorithm},
	Year = {1998}}

@book{sebag98,
	Author = {M. Sebag and A. Ducoulombier},
	File = F,
	Publisher = {Parallel Problem Solving from Nature - PPSN V , 418--427, Berlin, Springer-Verlag},
	Title = {Extending Population-Based Incremental Learning to Continuous Search Spaces},
	Year = {1998}}

@inproceedings{larra00a,
	Address = {Las Vegas, Nevada, USA},
	Author = {P. Larra{\~n}aga and R. Etxeberria and J. A. Lozano and J. M. Pe{\~n}a},
	Booktitle = {Proceedings of the Workshop in Optimization by Building and using Probabilistic Models. A Workshop within the 2000 Genetic and Evolutionary Computation Conference, GECCO 2000},
	File = F,
	Pages = {201--204},
	Title = {Optimization in continuous domains by learning and simulation of {G}aussian networks},
	Year = 2000}

@techreport{larra99a,
	Author = {P. Larra{\~n}aga and R. Etxeberria and J. A. Lozano and J. M. Pe{\~n}a},
	Institution = {Department of Computer Science and Artificial Intelligence, University of the Basque Country},
	Number = {KZZA-IK-4-99},
	Title = {Optimization by learning and simulation of {B}ayesian and {G}aussian networks},
	Year = {1999}}

@inproceedings{debonet97,
	Author = {J. S. {De~Bonet} and C. L. Isbell and P. Viola},
	Booktitle = {Advances in Neural Information Processing Systems},
	Date-Modified = {2011-06-14 14:14:28 +0200},
	File = F,
	Publisher = {M. Mozer, M. Jordan and Th. Petsche eds.},
	Title = {{MIMIC}: {F}inding {O}ptima by {E}stimating {P}robability {D}ensities},
	Volume = 9,
	Year = {1997}}

@inproceedings{Shakya/stairs2004,
	Address = {Valencia, Spain},
	Author = {S. Shakya and J. McCall and D. Brown},
	Booktitle = {STAIRS 2004, Proceedings of the Second Starting AI Researchers' Symposium},
	Editor = {E. Onaindia and S. Staab},
	Month = {August},
	Publisher = {IOS Press},
	Series = {Frontiers in Artificial Intelligence and Applications},
	Title = {Updating the Probability Vector Using {MRF} Technique for a Univariate {EDA}},
	Volume = {109},
	Year = {2004}}

@article{harik99a,
	Author = {G. R. Harik and F. G. Lobo and D. E. Goldberg},
	Bibsource = {DBLP, http://dblp.uni-trier.de},
	Journal = {{IEEE} Transactions on Evolutionary Computation},
	Number = {4},
	Pages = {287--297},
	Title = {The compact {G}enetic {A}lgorithm.},
	Volume = {3},
	Year = {1999}}

@article{muhlenbein99d,
	Author = {H. M{\"u}hlenbein and T. Mahning},
	File = F,
	Journal = {Evolutionary Computation},
	Number = {4},
	Pages = {353--376},
	Title = {{FDA} - A scalable evolutionary algorithm for the optimization of additively decomposed functions},
	Volume = {7},
	Year = {1999}}

@inproceedings{Robles02,
	Author = {V. Robles and P. de Miguel and P. Larra{\~n}aga},
	Booktitle = {Estimation of Distribution Algorithms: A New Tool for Evolutionary Computation},
	Date-Modified = {2011-05-19 12:24:54 +0200},
	Editor = {P. Larra{\~n}aga and J. A. Lozano},
	Publisher = {Kluwer Academic Publishers},
	Title = {{S}olving the {T}raveling {S}alesman {P}roblem with {EDA}s},
	Year = {2002}}

@article{DBLP:journals/pr/BengoetxeaLBPB02,
	Author = {E. Bengoetxea and P. Larra{\~n}aga and I. Bloch and A. Perchant and C. Boeres},
	Bibsource = {DBLP, http://dblp.uni-trier.de},
	Ee = {http://dx.doi.org/10.1016/S0031-3203(01)00232-1},
	Journal = {Pattern Recognition},
	Number = {12},
	Pages = {2867--2880},
	Title = {Inexact graph matching by means of estimation of distribution algorithms},
	Volume = {35},
	Year = {2002}}

@article{DBLP:journals/informs/Bean94,
	Author = {James C. Bean},
	Bibsource = {DBLP, http://dblp.uni-trier.de},
	Date-Modified = {2011-06-14 14:10:08 +0200},
	Ee = {http://dx.doi.org/10.1287/ijoc.6.2.154},
	Journal = {INFORMS Journal on Computing},
	Number = {2},
	Pages = {154--160},
	Title = {Genetic {A}lgorithms and {R}andom {K}eys for {S}equencing and {O}ptimization},
	Volume = {6},
	Year = {1994}}

@inproceedings{pelikan99a,
	Address = {London},
	Author = {M. Pelikan and H. M{\"u}hlenbein},
	Booktitle = {Advances in Soft Computing-Engineering Design and Manufacturing},
	Editor = {T.Furuhashi P. K. Chandhory {R. Roy}},
	File = F,
	Pages = {521--535},
	Publisher = {Springer-Verlag},
	Title = {The Bivariate Marginal Distribution Algorithm},
	Year = {1999}}

@inproceedings{ocenasek/iospress02,
	Author = {J. Ocenasek and J. Schwarz},
	Booktitle = {2nd Euro-International Symposium on Computational Intelligence},
	Pages = {227--232},
	Publisher = {IOS Press, Kosice, Slowakia},
	Title = {Estimation of Distribution Algorithm for mixed continuous-discrete optimization problems},
	Year = {2002}}

@article{Santana:2005,
	Author = {R. Santana},
	Journal = {Evolutionary Computation},
	Number = {1},
	Pages = {67--97},
	Title = {{E}stimation of distribution algorithms with {K}ikuchi approximations},
	Volume = {13},
	Year = {2005}}

@techreport{bosman99a,
	Author = {P. A. N. Bosman and D. Thierens},
	Institution = {Utrech University},
	Number = {UU-CS-1999-46},
	Title = {An Algorithmic Framework For Density Estimation Based Evolutionary Algorithms},
	Year = {1999}}

@techreport{bosman00,
	Author = {P. A. N. Bosman and D. Thierens},
	Institution = {Utrech University},
	Number = {UU-CS-2000-11},
	Title = {{IDEA}s Bases On The Normal Kernels Probability Density Function},
	Year = {2000}}

@techreport{larra2001,
	Author = {P. Larra{\~n}aga and J. A. Lozano and E. Bengoetxea},
	Institution = {Department of Computer Science and Artificial Intelligence, University of the Basque Country},
	Number = {KZZA-IK-1-01},
	Title = {Estimation of {D}istribution {A}lgorithms based on multivariate normal and {G}aussian networks},
	Year = {2001}}

@inproceedings{larra99d,
	Address = {Stanford, CA, USA},
	Author = {P. Larra{\~n}aga and R. Etxeberria and J. A. Lozano and J. M. Pe{\~n}a},
	Booktitle = {Proceedings of the Conference on Uncertainty in Artificial Intelligence, UAI 2000},
	File = F,
	Pages = {343--352},
	Title = {Combinatorial Optimization by Learning and Simulation of {B}ayesian Networks.},
	Year = {2000}}

@article{DBLP:journals/ijar/RomeroL09,
	Author = {Txomin Romero and Pedro Larra{\~n}aga},
	Bibsource = {DBLP, http://dblp.uni-trier.de},
	Date-Modified = {2011-05-19 12:37:01 +0200},
	Ee = {http://dx.doi.org/10.1016/j.ijar.2008.09.002},
	Journal = {Int. J. Approx. Reasoning},
	Number = {3},
	Pages = {472--484},
	Title = {Triangulation of {B}ayesian networks with recursive {E}stimation of {D}istribution {A}lgorithms},
	Volume = {50},
	Year = {2009}}

@book{larra01a,
	Author = {P. Larra{\~n}aga and J. A. Lozano},
	Publisher = {Kluwer Academic Publishers},
	Title = {Estimation of Distribution Algorithms: {A} New Tool for Evolutionary Computation},
	Year = {2002}}

@book{lozano05,
	Address = {Secaucus, NJ, USA},
	Author = {Jose A. Lozano and Pedro Larra{\~n}aga and I{\~n}aki Inza and Endika Bengoetxea},
	Isbn = {3540290060},
	Publisher = {Springer-Verlag New York, Inc.},
	Title = {Towards a New Evolutionary Computation: Advances on Estimation of Distribution Algorithms (Studies in Fuzziness and Soft Computing)},
	Year = {2006}}

@electronic{TaillardDataSet,
	Author = {E. Taillard},
	Title = {Eric Taillard's home page. http://mistic.heig-vd.ch/taillard/},
	Url = {http://mistic.heig-vd.ch/taillard/problemes.dir/problemes.html},
	Bdsk-Url-1 = {http://mistic.heig-vd.ch/taillard/problemes.dir/problemes.html}}

@techreport{baluja94,
	Author = {S. Baluja},
	File = F,
	Institution = {Carnegie Mellon Report, CMU-CS-94-163},
	Title = {Population-Based Incremental Learning: A Method for Integrating Genetic Search Based Function Optimization and Competitive Learning},
	Year = {1994}}

@article{santana00,
	Author = {R. Santana and P. Larra{\~n}aga and J. A. Lozano},
	Date-Modified = {2011-05-19 12:35:54 +0200},
	Journal = {IEEE Transactions On Evolutionary Computation},
	Number = {4},
	Pages = {418--438},
	Title = {Protein folding in simplified models with {E}stimation of {D}istribution {A}lgorithms},
	Volume = {12},
	Year = {2008}}

@inproceedings{mendiburu,
	Author = {J. A. Lozano and A. Mendiburu},
	Booktitle = {{E}stimation of {D}istribution {A}lgorithms. A New Tool for Evolutionary Computation},
	Editor = {P. Larra{\~n}aga and J. A. Lozano},
	Pages = {231--242},
	Publisher = {Kluwer Academic Publishers},
	Title = {Solving job schedulling with {E}stimation of {D}istribution {A}lgorithms},
	Year = {2002}}

@inproceedings{Agrawal2008,
	Author = {S. Agrawal and Z. Wang and Y. Ye},
	Date-Modified = {2011-06-14 14:08:33 +0200},
	Location = {Shangay},
	Month = dec,
	Publisher = {4th International Workshop On Internet And Network Economics (WINE)},
	Title = {Parimutuel {B}etting on {P}ermutations},
	Year = {2008}}

@article{Jiang20061039,
	Author = {S. Jiang and A.K. Ziver and J.N. Carter and C.C. Pain and A.J.H. Goddard and S. Franklin and H.J. Phillips},
	Date-Modified = {2011-05-19 12:47:36 +0200},
	Doi = {DOI: 10.1016/j.anucene.2006.03.012},
	Issn = {0306-4549},
	Journal = {Annals of Nuclear Energy},
	Number = {11-12},
	Pages = {1039--1057},
	Title = {Estimation of {D}istribution {A}lgorithms for nuclear reactor fuel management optimisation},
	Url = {http://www.sciencedirect.com/science/article/B6V1R-4KPFKVK-1/2/ba533151f1f08e4be4cf7ecaffd7f4d8},
	Volume = {33},
	Year = {2006},
	Bdsk-Url-1 = {http://www.sciencedirect.com/science/article/B6V1R-4KPFKVK-1/2/ba533151f1f08e4be4cf7ecaffd7f4d8},
	Bdsk-Url-2 = {http://dx.doi.org/10.1016/j.anucene.2006.03.012}}

@inproceedings{Tsutsui_VR,
	Author = {S. Tsutsui and G. Wilson},
	Booktitle = {Proceedings of the IEEE Conference on Evolutionary Computation, Portland, Oregon (USA)},
	Date-Modified = {2011-05-19 12:34:21 +0200},
	File = F,
	Pages = {1150--1157},
	Title = {Solving {C}apacitated {V}ehicle {R}outing {P}roblems {U}sing {E}dge {H}istogram {B}ased {S}ampling {A}lgorithms},
	Year = {2004}}

@article{DBLP:journals/cor/JarbouiES09,
	Author = {Bassem Jarboui and Mansour Eddaly and Patrick Siarry},
	Bibsource = {DBLP, http://dblp.uni-trier.de},
	Ee = {http://dx.doi.org/10.1016/j.cor.2008.11.004},
	Journal = {Computers {\&} OR},
	Number = {9},
	Pages = {2638--2646},
	Title = {An estimation of distribution algorithm for minimizing the total flowtime in permutation flowshop scheduling problems},
	Volume = {36},
	Year = {2009}}

@electronic{Optsicom,
	Title = {Optsicom Project home page.},
	Url = {http://heur.uv.es/optsicom/LOLIB/},
	Bdsk-Url-1 = {http://heur.uv.es/optsicom/LOLIB/}}

@article{garcia09,
	Author = {S. Garcia and D. Molina and M. Lozano and F. Herrera},
	Date-Modified = {2011-05-19 12:28:48 +0200},
	Journal = {Journal of Heuristics},
	Number = {6},
	Pages = {617--644},
	Title = {A study on the use of non-parametric tests for analyzing the evolutionary algorithms' behaviour: a case study on the {CEC}'2005 {S}pecial {S}ession on {R}eal {P}arameter {O}ptimization},
	Volume = {15},
	Year = {2009}}

@article{DBLP:journals/ijprai/RomeroLS04,
	Author = {Txomin Romero and Pedro Larra{\~n}aga and Basilio Sierra},
	Bibsource = {DBLP, http://dblp.uni-trier.de},
	Ee = {http://dx.doi.org/10.1142/S0218001404003332},
	Journal = {IJPRAI},
	Number = {4},
	Pages = {607--625},
	Title = {Learning Bayesian Networks In The Space Of Orderings With Estimation Of Distribution Algorithms},
	Volume = {18},
	Year = {2004}}

@inproceedings{lozano01b,
	Author = {J. A. Lozano and A. Mendiburu},
	Booktitle = {Estimation of Distribution Algorithms: A New Tool for Evolutionary Computation},
	Editor = {P. Larra{\~n}aga and J. A. Lozano},
	Publisher = {Kluwer Academic Publishers},
	Title = {{E}stimation of {D}istribution {A}lgorithms applied to the job schedulling problem},
	Year = {2002}}

@article{garcia08,
	Author = {S. Garcia and F. Herrera},
	Date-Modified = {2011-05-19 12:45:17 +0200},
	Journal = {Journal of Machine Learning Research},
	Pages = {2677--2694},
	Title = {An {E}xtension on "{S}tatistical {C}omparisons of {C}lassifiers over {M}ultiple {D}ata {S}et" for all {P}airwise {C}omparisons},
	Volume = {9},
	Year = {2008}}

@article{DBLP:journals/jpdc/MendiburuMLOU06,
	Author = {A. Mendiburu and J. Miguel-Alonso and Jose A. Lozano and M. Ostra and C. Ubide},
	Bibsource = {DBLP, http://dblp.uni-trier.de},
	Date-Modified = {2011-05-19 12:26:00 +0200},
	Ee = {http://dx.doi.org/10.1016/j.jpdc.2006.03.001},
	Journal = {J. Parallel Distrib. Comput.},
	Number = {8},
	Pages = {1002--1013},
	Title = {Parallel {EDA}s to create multivariate calibration models for quantitative chemical applications},
	Volume = {66},
	Year = {2006}}

@proceedings{DBLP:conf/gecco/2008,
	Bibsource = {DBLP, http://dblp.uni-trier.de},
	Booktitle = {GECCO},
	Editor = {Conor Ryan and Maarten Keijzer},
	Isbn = {978-1-60558-130-9},
	Publisher = {ACM},
	Title = {Genetic and Evolutionary Computation Conference, GECCO 2008, Proceedings, Atlanta, GA, USA, July 12-16, 2008},
	Year = {2008}}

@proceedings{DBLP:conf/uai/1986,
	Bibsource = {DBLP, http://dblp.uni-trier.de},
	Booktitle = {UAI},
	Editor = {John F. Lemmer and Laveen N. Kanal},
	Publisher = {Elsevier},
	Title = {UAI '86: Proceedings of the Second Annual Conference on Uncertainty in Artificial Intelligence, August 8-10, 1986, University of Pennsylvania, Philadelphia, PA, USA},
	Year = {1988}}

@article{DBLP:journals/eor/SagarnaL06,
	Author = {R. Sagarna and Jose A. Lozano},
	Bibsource = {DBLP, http://dblp.uni-trier.de},
	Date-Modified = {2011-05-19 12:35:18 +0200},
	Ee = {http://dx.doi.org/10.1016/j.ejor.2004.08.006},
	Journal = {European Journal of Operational Research},
	Number = {2},
	Pages = {392--412},
	Title = {Scatter {S}earch in software testing, comparison and collaboration with {E}stimation of {D}istribution {A}lgorithms},
	Volume = {169},
	Year = {2006}}

@article{mendiburu05b,
	Author = {A. Mendiburu and J. A. Lozano and J. Miguel-Alonso},
	Date-Modified = {2011-06-14 14:19:02 +0200},
	Journal = {{IEEE} Transactions on Evolutionary Computation},
	Number = {4},
	Pages = {406--423},
	Title = {Parallel {I}mplementation of {EDA}s {B}ased on {P}robabilistic {G}raphical {M}odels},
	Volume = {9},
	Year = {2005}}

@proceedings{DBLP:conf/ppsn/2000,
	Bibsource = {DBLP, http://dblp.uni-trier.de},
	Booktitle = {PPSN},
	Date-Modified = {2011-06-14 14:12:21 +0200},
	Editor = {Marc Schoenauer and Kalyanmoy Deb and G{\"u}nter Rudolph and Xin Yao and Evelyne Lutton and Juan J. Merelo Guerv{\'o}s and Hans Paul Schwefel},
	Isbn = {3-540-41056-2},
	Publisher = {Springer},
	Series = {Lecture Notes in Computer Science},
	Title = {Parallel Problem Solving from Nature - PPSN VI, 6th International Conference, Paris, France, September 18-20, 2000, Proceedings},
	Volume = {1917},
	Year = {2000}}

@incollection{parimutuel,
	Affiliation = {Stanford University Department of Computer Science},
	Author = {Shipra Agrawal and Zizhuo Wang and Yinyu Ye},
	Booktitle = {Internet and Network Economics},
	Date-Modified = {2011-06-14 14:09:35 +0200},
	Pages = {126--137},
	Publisher = {Springer Berlin / Heidelberg},
	Series = {Lecture Notes in Computer Science},
	Title = {Parimutuel {B}etting on {P}ermutations},
	Volume = {5385},
	Year = {2008}}

@inproceedings{cohen10,
	Address = {Cambridge, MA, USA},
	Author = {William W. Cohen and Robert E. Schapire and Yoram Singer},
	Booktitle = {Proceedings of the 1997 conference on Advances in neural information processing systems 10},
	Isbn = {0-262-10076-2},
	Location = {Denver, Colorado, United States},
	Numpages = {7},
	Pages = {451--457},
	Publisher = {MIT Press},
	Series = {NIPS '97},
	Title = {Learning to order things},
	Year = {1998}}

@article{gMallows,
	Author = {Michael A. Fligner and Joseph S. Verducci},
	Date-Modified = {2011-06-14 14:14:54 +0200},
	Journal = {Journal of the Royal Statistical Society},
	Number = {3},
	Pages = {359--369},
	Title = {Distance based ranking {M}odels},
	Volume = {48},
	Year = {1986}}

@inproceedings{guiver09,
	Author = {John Guiver and Edward Snelson},
	Booktitle = {International Conference on Machine Learning (ICML 2009)},
	Date-Modified = {2011-05-19 12:30:05 +0200},
	Numpages = {8},
	Pages = {377--384},
	Publisher = {ACM},
	Series = {ICML '09},
	Title = {Bayesian inference for {P}lackett-{L}uce ranking models},
	Year = {2009}}

@article{hunter04,
	Author = {David R. Hunter},
	Journal = {The Annals of Statistics},
	Keywords = {2004, ranking, statistical\_model},
	Number = {1},
	Pages = {384--406},
	Title = {{MM Algorithms for Generalized Bradley-Terry Models}},
	Volume = {32},
	Year = {2004}}

@article{lebanon08,
	Author = {Guy Lebanon and Yi Mao},
	Date-Modified = {2011-06-14 14:17:41 +0200},
	Journal = {Journal of Machine Learning Research (JMLR)},
	Pages = {2401--2429},
	Title = {Non-{P}arametric {M}odeling of {P}artially {R}anked {D}ata},
	Volume = {9},
	Year = {2008}}

@inproceedings{meilaTractable,
	Author = {Bhushan Mandhani and Marina Meila},
	Booktitle = {Artificial Intelligence and Statistics (AISTATS)},
	Month = {April},
	Title = {Tractable search for learning exponential models of rankings},
	Year = 2009}

@book{luce59,
	Address = {New York},
	Author = {Duncan {Luce R.}},
	Citeulike-Article-Id = {912745},
	Keywords = {discrete\_choice},
	Priority = {2},
	Publisher = {Wiley},
	Title = {{Individual Choice Behavior}},
	Year = {1959}}

@article{plackett,
	Author = {R. L. Plackett},
	Date-Modified = {2011-06-14 14:20:40 +0200},
	Journal = {Journal of the Royal Statistical Society},
	Number = {10},
	Pages = {193--202},
	Title = {The {A}nalysis of {P}ermutations},
	Volume = {24},
	Year = {1975}}

@article{mallows,
	Author = {C. L. Mallows},
	Journal = {Biometrika},
	Number = {1-2},
	Pages = {114--130},
	Title = {Non-null ranking models.},
	Volume = {44},
	Year = {1957}}

@article{flowshop06,
	Author = {JND Gupta and Jr. EF. Stafford},
	Journal = {European Journal of Operational Research},
	Number = {169},
	Pages = {699--711},
	Title = {Flow shop scheduling research after five decades},
	Year = {2006}}
